<record xmlns="http://www.loc.gov/MARC21/slim" xmlns:xsi="http://www.w3.org/2001/XMLSchema-instance" xsi:schemaLocation="http://www.loc.gov/MARC21/slim http://www.loc.gov/standards/marcxml/schema/MARC21slim.xsd"><leader>     nam a22        4500</leader><controlfield tag="001">4437359</controlfield><controlfield tag="003">NIC</controlfield><controlfield tag="006">m        d        </controlfield><controlfield tag="007">cr cn |||m|||a</controlfield><controlfield tag="008">150316m18691871ua      o     000 0 araod</controlfield><datafield ind1=" " ind2=" " tag="040"><subfield code="a">NNU</subfield><subfield code="b">eng</subfield><subfield code="e">rda</subfield><subfield code="c">NNU</subfield></datafield><datafield ind1=" " ind2="4" tag="050"><subfield code="a">BP75.5</subfield><subfield code="b">.I2 1868</subfield></datafield><datafield ind1="1" ind2=" " tag="100"><subfield code="6">880-01</subfield><subfield code="a">Ibn al-Athi&#772;r, &#699;Izz al-Di&#772;n,</subfield><subfield code="d">1160-1233.</subfield></datafield><datafield ind1="1" ind2="0" tag="245"><subfield code="6">880-02</subfield><subfield code="a">Usd al-gha&#772;bah fi&#772; ma&#699;rifat al-s&#803;ah&#803;a&#772;bah /</subfield><subfield code="c">li-&#699;Izz al-Di&#772;n Abi&#772; al-H&#803;asan &#699;Ali&#772; ibn Muh&#803;ammad &#699;Abd al-Kari&#772;m al-Jazri&#772; al-Ma&#699;ru&#772;f bi-Ibn al-Athi&#772;r.</subfield></datafield><datafield ind1=" " ind2=" " tag="260"><subfield code="6">880-03</subfield><subfield code="a">[Cairo] :</subfield><subfield code="b">[Jam&#699;i&#772;yat al-Ma&#699;a&#772;rif],</subfield><subfield code="c">[1285-1287 [1869-1871]]</subfield></datafield><datafield ind1=" " ind2=" " tag="300"><subfield code="a">online resource (5 volumes)</subfield></datafield><datafield ind1=" " ind2=" " tag="336"><subfield code="a">text</subfield><subfield code="2">rdacontent</subfield></datafield><datafield ind1=" " ind2=" " tag="337"><subfield code="a">computer</subfield><subfield code="2">rdamedia</subfield></datafield><datafield ind1=" " ind2=" " tag="338"><subfield code="a">online resource</subfield><subfield code="2">rdacarrier</subfield></datafield><datafield ind1=" " ind2=" " tag="500"><subfield code="a">Edited by Mus&#803;t&#803;afa&#772; Wahbi&#772;. Cf. colophon.</subfield></datafield><datafield ind1=" " ind2=" " tag="500"><subfield code="a">Part of the Arabic Collections Online (ACO) project, contributed by Cornell University Libraries.</subfield></datafield><datafield ind1=" " ind2=" " tag="533"><subfield code="a">Electronic reproduction.</subfield><subfield code="b">New York, N.Y. :</subfield><subfield code="c">New York University,</subfield><subfield code="d">2015.</subfield><subfield code="5">NNU</subfield></datafield><datafield ind1="0" ind2="0" tag="600"><subfield code="a">Muh&#803;ammad,</subfield><subfield code="c">Prophet,</subfield><subfield code="d">-632</subfield><subfield code="x">Companions.</subfield></datafield><datafield ind1="0" ind2="7" tag="600"><subfield code="a">Muh&#803;ammad,</subfield><subfield code="c">Prophet,</subfield><subfield code="d">-632</subfield><subfield code="2">fast</subfield><subfield code="0">(OCoLC)fst01836298</subfield></datafield><datafield ind1=" " ind2="7" tag="650"><subfield code="a">Friends and associates.</subfield><subfield code="2">fast</subfield><subfield code="0">(OCoLC)fst01353140</subfield></datafield><datafield ind1="1" ind2=" " tag="700"><subfield code="6">880-04</subfield><subfield code="a">Wahbi&#772;, Mus&#803;t&#803;afa&#769;.</subfield></datafield><datafield ind1="2" ind2=" " tag="710"><subfield code="a">Cornell University.</subfield><subfield code="b">Libraries.</subfield></datafield><datafield ind1="0" ind2=" " tag="730"><subfield code="a">Arabic Collections Online.</subfield></datafield><datafield ind1="0" ind2="8" tag="776"><subfield code="i">Online version:</subfield><subfield code="a">Ibn al-Athi&#772;r, &#699;Izz al-Di&#772;n, 1160-1233.</subfield><subfield code="t">Usd al-gha&#772;bah fi&#772; ma&#699;rifat al-s&#803;ah&#803;a&#772;bah.</subfield><subfield code="d">[Cairo : Jam&#699;i&#772;yat al-Ma&#699;a&#772;rif, 1285-1287 H. 1869-1871]</subfield><subfield code="w">(OCoLC)818116735</subfield></datafield><datafield ind1="0" ind2="8" tag="776"><subfield code="i">Print version:</subfield><subfield code="a">Ibn al-Athi&#772;r, &#699;Izz al-Di&#772;n, 1160-1233.</subfield><subfield code="t">Usd al-gha&#772;bah fi&#772; ma&#699;rifat al-s&#803;ah&#803;a&#772;bah</subfield><subfield code="w">(NIC)4437359</subfield><subfield code="w">(OCoLC)40971254</subfield></datafield><datafield ind1="4" ind2="0" tag="856"><subfield code="u">http://hdl.handle.net/2333.1/c866t3tx</subfield></datafield><datafield ind1="1" ind2=" " tag="880"><subfield code="6">100-01/r</subfield><subfield code="a">&#1575;&#1576;&#1606; &#1575;&#1604;&#1575;&#1579;&#1610;&#1585;&#1548; &#1593;&#1575;&#1586; &#1575;&#1604;&#1583;&#1610;&#1606;&#1548;,</subfield><subfield code="d">1160-1233.</subfield></datafield><datafield ind1="1" ind2="0" tag="880"><subfield code="6">245-02/r</subfield><subfield code="a">&#1575;&#1587;&#1583; &#1575;&#1604;&#1594;&#1575;&#1576;&#1577; &#1601;&#1610; &#1605;&#1593;&#1585;&#1601;&#1577; &#1575;&#1604;&#1589;&#1581;&#1575;&#1576;&#1577; /</subfield><subfield code="c">&#1604;&#1593;&#1586; &#1575;&#1604;&#1583;&#1610;&#1606; &#1575;&#1576;&#1610; &#1575;&#1604;&#1581;&#1587;&#1606; &#1593;&#1604;&#1610; &#1576;&#1606; &#1605;&#1581;&#1605;&#1583; &#1593;&#1576;&#1583; &#1575;&#1604;&#1603;&#1585;&#1610;&#1605; &#1575;&#1604;&#1580;&#1586;&#1585;&#1610; &#1575;&#1604;&#1605;&#1593;&#1585;&#1608;&#1601; &#1576;&#1575;&#1576;&#1606; &#1575;&#1604;&#1575;&#1579;&#1610;&#1585;.</subfield></datafield><datafield ind1=" " ind2=" " tag="880"><subfield code="6">260-03/r</subfield><subfield code="a">[&#1575;&#1604;&#1602;&#1575;&#1607;&#1585;&#1577; :</subfield><subfield code="b">&#1580;&#1605;&#1593;&#1610;&#1577; &#1575;&#1604;&#1605;&#1593;&#1575;&#1585;&#1601;&#1548;</subfield><subfield code="c">1285-1287 [1869-1871]]</subfield></datafield><datafield ind1="1" ind2=" " tag="880"><subfield code="6">700-04/r</subfield><subfield code="a">&#1608;&#1607;&#1576;&#1610;&#1548; &#1605;&#1589;&#1591;&#1601;&#1609;.</subfield></datafield><datafield ind1=" " ind2=" " tag="959"><subfield code="a">NNU</subfield><subfield code="b">WEB</subfield><subfield code="c">GENI</subfield><subfield code="t">0</subfield><subfield code="m">Electronic access</subfield><subfield code="s">01</subfield></datafield><datafield ind1=" " ind2=" " tag="999"><subfield code="i">NIC_4437359</subfield><subfield code="o">(OCoLC)ocm40971254 </subfield><subfield code="s">cornell_aco000327:v.1</subfield><subfield code="s">cornell_aco000328:v.2</subfield><subfield code="s">cornell_aco000329:v.3</subfield><subfield code="s">cornell_aco000330:v.4</subfield><subfield code="s">cornell_aco000331:v.5</subfield></datafield></record>